@online{Paralympics,
    author = {Twinkl Educational Publishing},
    title = {How Did the Paralympics Start | Quick History Lesson | Twinkl},
    year = {2021},
    url = {https://www.youtube.com/watch?v=-QxApuaYVg0},
    urldate = {2024-09-10}, % Date you accessed the video
}

@online{Gemini, % Replace 'website_key' with a unique identifier for this entry
  author = {Google}, 
  title = {Gemini}, 
  year = {2024},
  url = {https://gemini.google.com}, % Full URL of the webpage
  urldate = {2024-09-10},  % Date you accessed the webpage (optional but recommended)
}

@online{ChatGPT, % Replace 'website_key' with a unique identifier for this entry
  author = {OpenAI}, 
  title = {ChatGPT}, 
  year = {2024},
  url = {https://chatgpt.com/}, % Full URL of the webpage
  urldate = {2024-09-10},  % Date you accessed the webpage (optional but recommended)
}

@online{Paralympics_Website, % Replace 'website_key' with a unique identifier for this entry
  author = {International PAralympic Committee}, 
  title = {Paralympic Paris}, 
  year = {2024},
  url = {https://www.paralympic.org/paris-2024}, % Full URL of the webpage
  urldate = {2024-09-10},  % Date you accessed the webpage (optional but recommended)
}

@online{Canva, % Replace 'website_key' with a unique identifier for this entry
  author = {Canva}, 
  title = {Canva Design}, 
  year = {2024},
  url = {https://www.canva.com/it_it/}, % Full URL of the webpage
  urldate = {2024-09-10},  % Date you accessed the webpage (optional but recommended)
}